% Encoding: UTF-8

@Misc{krause,
  title={Submodular function maximization},
  author={Krause, Andreas and Golovin, Daniel},
  year={2014},
  howpublished = {\url{https://las.inf.ethz.ch/files/krause12survey.pdf}}
}

@Misc{newman,
  author = {Newman, MEJ},
  title        = {Networks: An Introduction},
  year         = {2010},
  publisher = {Oxford University Press}
}

@Misc{cn,
  author = {Silvestri, Simone},
  title        = {Algorithms CS2500},
  year         = {2017}
}
@Comment{jabref-meta: databaseType:biblatex;}
